%YAML 1.1
%TAG !u! tag:unity3d.com,2011:
--- !u!1 &1034652532788315782
GameObject:
  m_ObjectHideFlags: 0
  m_CorrespondingSourceObject: {fileID: 0}
  m_PrefabInstance: {fileID: 0}
  m_PrefabAsset: {fileID: 0}
  serializedVersion: 6
  m_Component:
  - component: {fileID: 1144009120236574252}
  - component: {fileID: 8292580998338581073}
  m_Layer: 0
  m_Name: ClearTea
  m_TagString: Untagged
  m_Icon: {fileID: 0}
  m_NavMeshLayer: 0
  m_StaticEditorFlags: 0
  m_IsActive: 1
--- !u!4 &1144009120236574252
Transform:
  m_ObjectHideFlags: 0
  m_CorrespondingSourceObject: {fileID: 0}
  m_PrefabInstance: {fileID: 0}
  m_PrefabAsset: {fileID: 0}
  m_GameObject: {fileID: 1034652532788315782}
  serializedVersion: 2
  m_LocalRotation: {x: 0, y: 0, z: 0, w: 1}
  m_LocalPosition: {x: 0, y: 0, z: 0}
  m_LocalScale: {x: 1, y: 1, z: 1}
  m_ConstrainProportionsScale: 0
  m_Children:
  - {fileID: 5642081845224253714}
  - {fileID: 6996143083295463872}
  m_Father: {fileID: 0}
  m_LocalEulerAnglesHint: {x: 0, y: 0, z: 0}
--- !u!114 &8292580998338581073
MonoBehaviour:
  m_ObjectHideFlags: 0
  m_CorrespondingSourceObject: {fileID: 0}
  m_PrefabInstance: {fileID: 0}
  m_PrefabAsset: {fileID: 0}
  m_GameObject: {fileID: 1034652532788315782}
  m_Enabled: 1
  m_EditorHideFlags: 0
  m_Script: {fileID: 11500000, guid: c2d373f0e177965479534757721f6825, type: 3}
  m_Name: 
  m_EditorClassIdentifier: 
  DialogBalloon: {fileID: 6350426246099583749}
  dialogText: {fileID: 3819446151435550203}
  PetId: 16
  Type: 2
  SubType: 2
  EvoStage: 3
--- !u!1 &1267246795760229785
GameObject:
  m_ObjectHideFlags: 0
  m_CorrespondingSourceObject: {fileID: 0}
  m_PrefabInstance: {fileID: 0}
  m_PrefabAsset: {fileID: 0}
  serializedVersion: 6
  m_Component:
  - component: {fileID: 5642081845224253714}
  - component: {fileID: 5887112215423720468}
  - component: {fileID: 3043157757118544585}
  m_Layer: 0
  m_Name: Clear Tea
  m_TagString: Untagged
  m_Icon: {fileID: 0}
  m_NavMeshLayer: 0
  m_StaticEditorFlags: 0
  m_IsActive: 1
--- !u!4 &5642081845224253714
Transform:
  m_ObjectHideFlags: 0
  m_CorrespondingSourceObject: {fileID: 0}
  m_PrefabInstance: {fileID: 0}
  m_PrefabAsset: {fileID: 0}
  m_GameObject: {fileID: 1267246795760229785}
  serializedVersion: 2
  m_LocalRotation: {x: -0, y: -0, z: -0, w: 1}
  m_LocalPosition: {x: -0.0364, y: -1.5391, z: 0}
  m_LocalScale: {x: 0.77566606, y: 0.77566606, z: 1.2927768}
  m_ConstrainProportionsScale: 0
  m_Children: []
  m_Father: {fileID: 1144009120236574252}
  m_LocalEulerAnglesHint: {x: 0, y: 0, z: 0}
--- !u!212 &5887112215423720468
SpriteRenderer:
  m_ObjectHideFlags: 0
  m_CorrespondingSourceObject: {fileID: 0}
  m_PrefabInstance: {fileID: 0}
  m_PrefabAsset: {fileID: 0}
  m_GameObject: {fileID: 1267246795760229785}
  m_Enabled: 1
  m_CastShadows: 0
  m_ReceiveShadows: 0
  m_DynamicOccludee: 1
  m_StaticShadowCaster: 0
  m_MotionVectors: 1
  m_LightProbeUsage: 1
  m_ReflectionProbeUsage: 1
  m_RayTracingMode: 0
  m_RayTraceProcedural: 0
  m_RenderingLayerMask: 1
  m_RendererPriority: 0
  m_Materials:
  - {fileID: 2100000, guid: 2360ce1136bc13948a259de59b61a12d, type: 2}
  m_StaticBatchInfo:
    firstSubMesh: 0
    subMeshCount: 0
  m_StaticBatchRoot: {fileID: 0}
  m_ProbeAnchor: {fileID: 0}
  m_LightProbeVolumeOverride: {fileID: 0}
  m_ScaleInLightmap: 1
  m_ReceiveGI: 1
  m_PreserveUVs: 0
  m_IgnoreNormalsForChartDetection: 0
  m_ImportantGI: 0
  m_StitchLightmapSeams: 1
  m_SelectedEditorRenderState: 0
  m_MinimumChartSize: 4
  m_AutoUVMaxDistance: 0.5
  m_AutoUVMaxAngle: 89
  m_LightmapParameters: {fileID: 0}
  m_SortingLayerID: 0
  m_SortingLayer: 0
  m_SortingOrder: 0
  m_Sprite: {fileID: -851442521, guid: a935e8f8f9be3e24ba9be2d45431adbf, type: 3}
  m_Color: {r: 1, g: 1, b: 1, a: 1}
  m_FlipX: 0
  m_FlipY: 0
  m_DrawMode: 0
  m_Size: {x: 1, y: 1}
  m_AdaptiveModeThreshold: 0.5
  m_SpriteTileMode: 0
  m_WasSpriteAssigned: 1
  m_MaskInteraction: 0
  m_SpriteSortPoint: 0
--- !u!95 &3043157757118544585
Animator:
  serializedVersion: 5
  m_ObjectHideFlags: 0
  m_CorrespondingSourceObject: {fileID: 0}
  m_PrefabInstance: {fileID: 0}
  m_PrefabAsset: {fileID: 0}
  m_GameObject: {fileID: 1267246795760229785}
  m_Enabled: 1
  m_Avatar: {fileID: 0}
  m_Controller: {fileID: 9100000, guid: 5386a6af3a5aa314f9c121cd7fcef762, type: 2}
  m_CullingMode: 0
  m_UpdateMode: 0
  m_ApplyRootMotion: 0
  m_LinearVelocityBlending: 0
  m_StabilizeFeet: 0
  m_WarningMessage: 
  m_HasTransformHierarchy: 1
  m_AllowConstantClipSamplingOptimization: 1
  m_KeepAnimatorStateOnDisable: 0
  m_WriteDefaultValuesOnDisable: 0
--- !u!1001 &4844737572245097403
PrefabInstance:
  m_ObjectHideFlags: 0
  serializedVersion: 2
  m_Modification:
    serializedVersion: 3
    m_TransformParent: {fileID: 1144009120236574252}
    m_Modifications:
    - target: {fileID: 1764559571314438374, guid: 03075514df599c7448b4aac05250c9b5, type: 3}
      propertyPath: m_IsActive
      value: 1
      objectReference: {fileID: 0}
    - target: {fileID: 2462550038158086779, guid: 03075514df599c7448b4aac05250c9b5, type: 3}
      propertyPath: m_Pivot.x
      value: 0.5
      objectReference: {fileID: 0}
    - target: {fileID: 2462550038158086779, guid: 03075514df599c7448b4aac05250c9b5, type: 3}
      propertyPath: m_Pivot.y
      value: 0.5
      objectReference: {fileID: 0}
    - target: {fileID: 2462550038158086779, guid: 03075514df599c7448b4aac05250c9b5, type: 3}
      propertyPath: m_RootOrder
      value: -1
      objectReference: {fileID: 0}
    - target: {fileID: 2462550038158086779, guid: 03075514df599c7448b4aac05250c9b5, type: 3}
      propertyPath: m_AnchorMax.x
      value: 0
      objectReference: {fileID: 0}
    - target: {fileID: 2462550038158086779, guid: 03075514df599c7448b4aac05250c9b5, type: 3}
      propertyPath: m_AnchorMax.y
      value: 0
      objectReference: {fileID: 0}
    - target: {fileID: 2462550038158086779, guid: 03075514df599c7448b4aac05250c9b5, type: 3}
      propertyPath: m_AnchorMin.x
      value: 0
      objectReference: {fileID: 0}
    - target: {fileID: 2462550038158086779, guid: 03075514df599c7448b4aac05250c9b5, type: 3}
      propertyPath: m_AnchorMin.y
      value: 0
      objectReference: {fileID: 0}
    - target: {fileID: 2462550038158086779, guid: 03075514df599c7448b4aac05250c9b5, type: 3}
      propertyPath: m_SizeDelta.x
      value: 10
      objectReference: {fileID: 0}
    - target: {fileID: 2462550038158086779, guid: 03075514df599c7448b4aac05250c9b5, type: 3}
      propertyPath: m_SizeDelta.y
      value: 5
      objectReference: {fileID: 0}
    - target: {fileID: 2462550038158086779, guid: 03075514df599c7448b4aac05250c9b5, type: 3}
      propertyPath: m_LocalPosition.x
      value: 0
      objectReference: {fileID: 0}
    - target: {fileID: 2462550038158086779, guid: 03075514df599c7448b4aac05250c9b5, type: 3}
      propertyPath: m_LocalPosition.y
      value: 0
      objectReference: {fileID: 0}
    - target: {fileID: 2462550038158086779, guid: 03075514df599c7448b4aac05250c9b5, type: 3}
      propertyPath: m_LocalPosition.z
      value: 0
      objectReference: {fileID: 0}
    - target: {fileID: 2462550038158086779, guid: 03075514df599c7448b4aac05250c9b5, type: 3}
      propertyPath: m_LocalRotation.w
      value: 1
      objectReference: {fileID: 0}
    - target: {fileID: 2462550038158086779, guid: 03075514df599c7448b4aac05250c9b5, type: 3}
      propertyPath: m_LocalRotation.x
      value: 0
      objectReference: {fileID: 0}
    - target: {fileID: 2462550038158086779, guid: 03075514df599c7448b4aac05250c9b5, type: 3}
      propertyPath: m_LocalRotation.y
      value: 0
      objectReference: {fileID: 0}
    - target: {fileID: 2462550038158086779, guid: 03075514df599c7448b4aac05250c9b5, type: 3}
      propertyPath: m_LocalRotation.z
      value: 0
      objectReference: {fileID: 0}
    - target: {fileID: 2462550038158086779, guid: 03075514df599c7448b4aac05250c9b5, type: 3}
      propertyPath: m_AnchoredPosition.x
      value: -0.05
      objectReference: {fileID: 0}
    - target: {fileID: 2462550038158086779, guid: 03075514df599c7448b4aac05250c9b5, type: 3}
      propertyPath: m_AnchoredPosition.y
      value: 1.21
      objectReference: {fileID: 0}
    - target: {fileID: 2462550038158086779, guid: 03075514df599c7448b4aac05250c9b5, type: 3}
      propertyPath: m_LocalEulerAnglesHint.x
      value: 0
      objectReference: {fileID: 0}
    - target: {fileID: 2462550038158086779, guid: 03075514df599c7448b4aac05250c9b5, type: 3}
      propertyPath: m_LocalEulerAnglesHint.y
      value: 0
      objectReference: {fileID: 0}
    - target: {fileID: 2462550038158086779, guid: 03075514df599c7448b4aac05250c9b5, type: 3}
      propertyPath: m_LocalEulerAnglesHint.z
      value: 0
      objectReference: {fileID: 0}
    - target: {fileID: 2749971133240362266, guid: 03075514df599c7448b4aac05250c9b5, type: 3}
      propertyPath: m_PresetInfoIsWorld
      value: 1
      objectReference: {fileID: 0}
    - target: {fileID: 5272879084069724671, guid: 03075514df599c7448b4aac05250c9b5, type: 3}
      propertyPath: m_Name
      value: DialogCanvas
      objectReference: {fileID: 0}
    - target: {fileID: 5272879084069724671, guid: 03075514df599c7448b4aac05250c9b5, type: 3}
      propertyPath: m_IsActive
      value: 0
      objectReference: {fileID: 0}
    m_RemovedComponents: []
    m_RemovedGameObjects: []
    m_AddedGameObjects: []
    m_AddedComponents: []
  m_SourcePrefab: {fileID: 100100000, guid: 03075514df599c7448b4aac05250c9b5, type: 3}
--- !u!114 &3819446151435550203 stripped
MonoBehaviour:
  m_CorrespondingSourceObject: {fileID: 8519281274305918528, guid: 03075514df599c7448b4aac05250c9b5, type: 3}
  m_PrefabInstance: {fileID: 4844737572245097403}
  m_PrefabAsset: {fileID: 0}
  m_GameObject: {fileID: 0}
  m_Enabled: 1
  m_EditorHideFlags: 0
  m_Script: {fileID: 11500000, guid: f4688fdb7df04437aeb418b961361dc5, type: 3}
  m_Name: 
  m_EditorClassIdentifier: 
--- !u!114 &6350426246099583749 stripped
MonoBehaviour:
  m_CorrespondingSourceObject: {fileID: 1953093432960157886, guid: 03075514df599c7448b4aac05250c9b5, type: 3}
  m_PrefabInstance: {fileID: 4844737572245097403}
  m_PrefabAsset: {fileID: 0}
  m_GameObject: {fileID: 0}
  m_Enabled: 1
  m_EditorHideFlags: 0
  m_Script: {fileID: 11500000, guid: 382d62f8330d50c43a2b08e37f0428a1, type: 3}
  m_Name: 
  m_EditorClassIdentifier: 
--- !u!224 &6996143083295463872 stripped
RectTransform:
  m_CorrespondingSourceObject: {fileID: 2462550038158086779, guid: 03075514df599c7448b4aac05250c9b5, type: 3}
  m_PrefabInstance: {fileID: 4844737572245097403}
  m_PrefabAsset: {fileID: 0}
