%YAML 1.1
%TAG !u! tag:unity3d.com,2011:
--- !u!1 &1036221620310591185
GameObject:
  m_ObjectHideFlags: 0
  m_CorrespondingSourceObject: {fileID: 0}
  m_PrefabInstance: {fileID: 0}
  m_PrefabAsset: {fileID: 0}
  serializedVersion: 6
  m_Component:
  - component: {fileID: 8411935339179238325}
  - component: {fileID: 5099254306805923865}
  m_Layer: 0
  m_Name: Coffee
  m_TagString: Untagged
  m_Icon: {fileID: 0}
  m_NavMeshLayer: 0
  m_StaticEditorFlags: 0
  m_IsActive: 1
--- !u!4 &8411935339179238325
Transform:
  m_ObjectHideFlags: 0
  m_CorrespondingSourceObject: {fileID: 0}
  m_PrefabInstance: {fileID: 0}
  m_PrefabAsset: {fileID: 0}
  m_GameObject: {fileID: 1036221620310591185}
  serializedVersion: 2
  m_LocalRotation: {x: 0, y: 0, z: 0, w: 1}
  m_LocalPosition: {x: 0, y: 0, z: 0}
  m_LocalScale: {x: 1, y: 1, z: 1}
  m_ConstrainProportionsScale: 0
  m_Children:
  - {fileID: 3870536091753210494}
  - {fileID: 7016002981627744224}
  m_Father: {fileID: 0}
  m_LocalEulerAnglesHint: {x: 0, y: 0, z: 0}
--- !u!114 &5099254306805923865
MonoBehaviour:
  m_ObjectHideFlags: 0
  m_CorrespondingSourceObject: {fileID: 0}
  m_PrefabInstance: {fileID: 0}
  m_PrefabAsset: {fileID: 0}
  m_GameObject: {fileID: 1036221620310591185}
  m_Enabled: 1
  m_EditorHideFlags: 0
  m_Script: {fileID: 11500000, guid: c2d373f0e177965479534757721f6825, type: 3}
  m_Name: 
  m_EditorClassIdentifier: 
  DialogBalloon: {fileID: 6371376989306377509}
  dialogText: {fileID: 3840432019153447899}
  PetId: 5
  Type: 3
  SubType: 0
  EvoStage: 2
--- !u!1 &5783007960067441678
GameObject:
  m_ObjectHideFlags: 0
  m_CorrespondingSourceObject: {fileID: 0}
  m_PrefabInstance: {fileID: 0}
  m_PrefabAsset: {fileID: 0}
  serializedVersion: 6
  m_Component:
  - component: {fileID: 3870536091753210494}
  - component: {fileID: 7578329239272045171}
  - component: {fileID: 6469774751956205703}
  m_Layer: 0
  m_Name: Character
  m_TagString: Untagged
  m_Icon: {fileID: 0}
  m_NavMeshLayer: 0
  m_StaticEditorFlags: 0
  m_IsActive: 1
--- !u!4 &3870536091753210494
Transform:
  m_ObjectHideFlags: 0
  m_CorrespondingSourceObject: {fileID: 0}
  m_PrefabInstance: {fileID: 0}
  m_PrefabAsset: {fileID: 0}
  m_GameObject: {fileID: 5783007960067441678}
  serializedVersion: 2
  m_LocalRotation: {x: -0, y: -0, z: -0, w: 1}
  m_LocalPosition: {x: 0.0964, y: -1.8331, z: 0}
  m_LocalScale: {x: 0.7259781, y: 0.7259781, z: 0.7259781}
  m_ConstrainProportionsScale: 0
  m_Children: []
  m_Father: {fileID: 8411935339179238325}
  m_LocalEulerAnglesHint: {x: 0, y: 0, z: 0}
--- !u!212 &7578329239272045171
SpriteRenderer:
  m_ObjectHideFlags: 0
  m_CorrespondingSourceObject: {fileID: 0}
  m_PrefabInstance: {fileID: 0}
  m_PrefabAsset: {fileID: 0}
  m_GameObject: {fileID: 5783007960067441678}
  m_Enabled: 1
  m_CastShadows: 0
  m_ReceiveShadows: 0
  m_DynamicOccludee: 1
  m_StaticShadowCaster: 0
  m_MotionVectors: 1
  m_LightProbeUsage: 1
  m_ReflectionProbeUsage: 1
  m_RayTracingMode: 0
  m_RayTraceProcedural: 0
  m_RenderingLayerMask: 1
  m_RendererPriority: 0
  m_Materials:
  - {fileID: 2100000, guid: 2360ce1136bc13948a259de59b61a12d, type: 2}
  m_StaticBatchInfo:
    firstSubMesh: 0
    subMeshCount: 0
  m_StaticBatchRoot: {fileID: 0}
  m_ProbeAnchor: {fileID: 0}
  m_LightProbeVolumeOverride: {fileID: 0}
  m_ScaleInLightmap: 1
  m_ReceiveGI: 1
  m_PreserveUVs: 0
  m_IgnoreNormalsForChartDetection: 0
  m_ImportantGI: 0
  m_StitchLightmapSeams: 1
  m_SelectedEditorRenderState: 0
  m_MinimumChartSize: 4
  m_AutoUVMaxDistance: 0.5
  m_AutoUVMaxAngle: 89
  m_LightmapParameters: {fileID: 0}
  m_SortingLayerID: 0
  m_SortingLayer: 0
  m_SortingOrder: 0
  m_Sprite: {fileID: -1180545623, guid: ec9368c0ff8b4304198732b7312c40e9, type: 3}
  m_Color: {r: 1, g: 1, b: 1, a: 1}
  m_FlipX: 0
  m_FlipY: 0
  m_DrawMode: 0
  m_Size: {x: 1, y: 1}
  m_AdaptiveModeThreshold: 0.5
  m_SpriteTileMode: 0
  m_WasSpriteAssigned: 1
  m_MaskInteraction: 0
  m_SpriteSortPoint: 0
--- !u!95 &6469774751956205703
Animator:
  serializedVersion: 5
  m_ObjectHideFlags: 0
  m_CorrespondingSourceObject: {fileID: 0}
  m_PrefabInstance: {fileID: 0}
  m_PrefabAsset: {fileID: 0}
  m_GameObject: {fileID: 5783007960067441678}
  m_Enabled: 1
  m_Avatar: {fileID: 0}
  m_Controller: {fileID: 9100000, guid: 57fef6cd785b32f4baf38940102d3e66, type: 2}
  m_CullingMode: 0
  m_UpdateMode: 0
  m_ApplyRootMotion: 0
  m_LinearVelocityBlending: 0
  m_StabilizeFeet: 0
  m_WarningMessage: 
  m_HasTransformHierarchy: 1
  m_AllowConstantClipSamplingOptimization: 1
  m_KeepAnimatorStateOnDisable: 0
  m_WriteDefaultValuesOnDisable: 0
--- !u!1001 &4859777333135498651
PrefabInstance:
  m_ObjectHideFlags: 0
  serializedVersion: 2
  m_Modification:
    serializedVersion: 3
    m_TransformParent: {fileID: 8411935339179238325}
    m_Modifications:
    - target: {fileID: 2462550038158086779, guid: 03075514df599c7448b4aac05250c9b5, type: 3}
      propertyPath: m_Pivot.x
      value: 0.5
      objectReference: {fileID: 0}
    - target: {fileID: 2462550038158086779, guid: 03075514df599c7448b4aac05250c9b5, type: 3}
      propertyPath: m_Pivot.y
      value: 0.5
      objectReference: {fileID: 0}
    - target: {fileID: 2462550038158086779, guid: 03075514df599c7448b4aac05250c9b5, type: 3}
      propertyPath: m_RootOrder
      value: -1
      objectReference: {fileID: 0}
    - target: {fileID: 2462550038158086779, guid: 03075514df599c7448b4aac05250c9b5, type: 3}
      propertyPath: m_AnchorMax.x
      value: 0
      objectReference: {fileID: 0}
    - target: {fileID: 2462550038158086779, guid: 03075514df599c7448b4aac05250c9b5, type: 3}
      propertyPath: m_AnchorMax.y
      value: 0
      objectReference: {fileID: 0}
    - target: {fileID: 2462550038158086779, guid: 03075514df599c7448b4aac05250c9b5, type: 3}
      propertyPath: m_AnchorMin.x
      value: 0
      objectReference: {fileID: 0}
    - target: {fileID: 2462550038158086779, guid: 03075514df599c7448b4aac05250c9b5, type: 3}
      propertyPath: m_AnchorMin.y
      value: 0
      objectReference: {fileID: 0}
    - target: {fileID: 2462550038158086779, guid: 03075514df599c7448b4aac05250c9b5, type: 3}
      propertyPath: m_SizeDelta.x
      value: 10
      objectReference: {fileID: 0}
    - target: {fileID: 2462550038158086779, guid: 03075514df599c7448b4aac05250c9b5, type: 3}
      propertyPath: m_SizeDelta.y
      value: 5
      objectReference: {fileID: 0}
    - target: {fileID: 2462550038158086779, guid: 03075514df599c7448b4aac05250c9b5, type: 3}
      propertyPath: m_LocalPosition.x
      value: 0
      objectReference: {fileID: 0}
    - target: {fileID: 2462550038158086779, guid: 03075514df599c7448b4aac05250c9b5, type: 3}
      propertyPath: m_LocalPosition.y
      value: 0
      objectReference: {fileID: 0}
    - target: {fileID: 2462550038158086779, guid: 03075514df599c7448b4aac05250c9b5, type: 3}
      propertyPath: m_LocalPosition.z
      value: 0
      objectReference: {fileID: 0}
    - target: {fileID: 2462550038158086779, guid: 03075514df599c7448b4aac05250c9b5, type: 3}
      propertyPath: m_LocalRotation.w
      value: 1
      objectReference: {fileID: 0}
    - target: {fileID: 2462550038158086779, guid: 03075514df599c7448b4aac05250c9b5, type: 3}
      propertyPath: m_LocalRotation.x
      value: 0
      objectReference: {fileID: 0}
    - target: {fileID: 2462550038158086779, guid: 03075514df599c7448b4aac05250c9b5, type: 3}
      propertyPath: m_LocalRotation.y
      value: 0
      objectReference: {fileID: 0}
    - target: {fileID: 2462550038158086779, guid: 03075514df599c7448b4aac05250c9b5, type: 3}
      propertyPath: m_LocalRotation.z
      value: 0
      objectReference: {fileID: 0}
    - target: {fileID: 2462550038158086779, guid: 03075514df599c7448b4aac05250c9b5, type: 3}
      propertyPath: m_AnchoredPosition.x
      value: 0.06
      objectReference: {fileID: 0}
    - target: {fileID: 2462550038158086779, guid: 03075514df599c7448b4aac05250c9b5, type: 3}
      propertyPath: m_AnchoredPosition.y
      value: 0.16
      objectReference: {fileID: 0}
    - target: {fileID: 2462550038158086779, guid: 03075514df599c7448b4aac05250c9b5, type: 3}
      propertyPath: m_LocalEulerAnglesHint.x
      value: 0
      objectReference: {fileID: 0}
    - target: {fileID: 2462550038158086779, guid: 03075514df599c7448b4aac05250c9b5, type: 3}
      propertyPath: m_LocalEulerAnglesHint.y
      value: 0
      objectReference: {fileID: 0}
    - target: {fileID: 2462550038158086779, guid: 03075514df599c7448b4aac05250c9b5, type: 3}
      propertyPath: m_LocalEulerAnglesHint.z
      value: 0
      objectReference: {fileID: 0}
    - target: {fileID: 2749971133240362266, guid: 03075514df599c7448b4aac05250c9b5, type: 3}
      propertyPath: m_PresetInfoIsWorld
      value: 1
      objectReference: {fileID: 0}
    - target: {fileID: 5272879084069724671, guid: 03075514df599c7448b4aac05250c9b5, type: 3}
      propertyPath: m_Name
      value: DialogCanvas
      objectReference: {fileID: 0}
    - target: {fileID: 5272879084069724671, guid: 03075514df599c7448b4aac05250c9b5, type: 3}
      propertyPath: m_IsActive
      value: 0
      objectReference: {fileID: 0}
    m_RemovedComponents: []
    m_RemovedGameObjects: []
    m_AddedGameObjects: []
    m_AddedComponents: []
  m_SourcePrefab: {fileID: 100100000, guid: 03075514df599c7448b4aac05250c9b5, type: 3}
--- !u!114 &3840432019153447899 stripped
MonoBehaviour:
  m_CorrespondingSourceObject: {fileID: 8519281274305918528, guid: 03075514df599c7448b4aac05250c9b5, type: 3}
  m_PrefabInstance: {fileID: 4859777333135498651}
  m_PrefabAsset: {fileID: 0}
  m_GameObject: {fileID: 0}
  m_Enabled: 1
  m_EditorHideFlags: 0
  m_Script: {fileID: 11500000, guid: f4688fdb7df04437aeb418b961361dc5, type: 3}
  m_Name: 
  m_EditorClassIdentifier: 
--- !u!114 &6371376989306377509 stripped
MonoBehaviour:
  m_CorrespondingSourceObject: {fileID: 1953093432960157886, guid: 03075514df599c7448b4aac05250c9b5, type: 3}
  m_PrefabInstance: {fileID: 4859777333135498651}
  m_PrefabAsset: {fileID: 0}
  m_GameObject: {fileID: 0}
  m_Enabled: 1
  m_EditorHideFlags: 0
  m_Script: {fileID: 11500000, guid: 382d62f8330d50c43a2b08e37f0428a1, type: 3}
  m_Name: 
  m_EditorClassIdentifier: 
--- !u!224 &7016002981627744224 stripped
RectTransform:
  m_CorrespondingSourceObject: {fileID: 2462550038158086779, guid: 03075514df599c7448b4aac05250c9b5, type: 3}
  m_PrefabInstance: {fileID: 4859777333135498651}
  m_PrefabAsset: {fileID: 0}
